@incollection{1,
  doi = {10.1524/9783050047867.45},
  url = {http://dx.doi.org/10.1524/9783050047867.45},
  publisher = {Walter de Gruyter {GmbH}},
  title = {{Nietzsches Europa}},
  booktitle = {Nietzsche und Europa {\textendash} Nietzsche in Europa},
}


@article{Grie_meier_2005,
  doi = {10.1051/0004-6361:20041976},
  url = {http://dx.doi.org/10.1051/0004-6361:20041976},
  year = {2005},
  month = {jul},
  publisher = {{EDP} Sciences},
  volume = {437},
  number = {2},
  pages = {717--726},
  author = {J.-M. Grie{\ss}meier and U. Motschmann and G. Mann and H. O. Rucker},
  title = {{The influence of stellar wind conditions on the detectability of planetary radio emissions}},
  journal = {Astronomy and Astrophysics},
}


@article{Kofman_2010,
  doi = {10.1007/s11214-010-9642-2},
  url = {http://dx.doi.org/10.1007/s11214-010-9642-2},
  year = {2010},
  month = {mar},
  publisher = {Springer Science $\mathplus$ Business Media},
  volume = {153},
  number = {1-4},
  pages = {249--271},
  author = {Wlodek Kofman and Roberto Orosei and Elena Pettinelli},
  title = {{Radar Signal Propagation and Detection Through Ice}},
  journal = {Space Science Reviews},
}


@article{Moore_2000,
  doi = {10.1006/icar.2000.6425},
  url = {http://dx.doi.org/10.1006/icar.2000.6425},
  year = {2000},
  month = {sep},
  publisher = {Elsevier {BV}},
  volume = {147},
  number = {1},
  pages = {292--300},
  author = {J Moore},
  title = {{Models of Radar Absorption in Europan Ice}},
  journal = {Icarus},
}


@article{Chyba_1998,
  doi = {10.1006/icar.1998.5961},
  url = {http://dx.doi.org/10.1006/icar.1998.5961},
  year = {1998},
  month = {aug},
  publisher = {Elsevier {BV}},
  volume = {134},
  number = {2},
  pages = {292--302},
  author = {Christopher F. Chyba and Steven J. Ostro and Bradley C. Edwards},
  title = {{Radar Detectability of a Subsurface Ocean on Europa}},
  journal = {Icarus},
}
